<record><leader>00000cas a22000007a 4500</leader><controlfield tag="001">25034196</controlfield><controlfield tag="008">911231d19041904couwr ne      0    0eng d</controlfield><datafield ind1=" " ind2=" " tag="010"><subfield code="a">sn 91052683 </subfield></datafield><datafield ind1=" " ind2=" " tag="040"><subfield code="a">CNQ</subfield><subfield code="b">eng</subfield><subfield code="c">CNQ</subfield><subfield code="d">OCLCQ</subfield><subfield code="d">CGAVW</subfield><subfield code="d">OCLCO</subfield></datafield><datafield ind1=" " ind2=" " tag="042"><subfield code="a">msc</subfield></datafield><datafield ind1="0" ind2=" " tag="130"><subfield code="a">Ault advertiser (Ault, Colo. : 1904)</subfield></datafield><datafield ind1="1" ind2="4" tag="245"><subfield code="a">The Ault advertiser.</subfield></datafield><datafield ind1=" " ind2=" " tag="260"><subfield code="a">Ault, Weld County, Colo. :</subfield><subfield code="b">G.H. Bradfield</subfield></datafield><datafield ind1=" " ind2=" " tag="300"><subfield code="a">v.</subfield></datafield><datafield ind1=" " ind2=" " tag="310"><subfield code="a">Weekly</subfield></datafield><datafield ind1="0" ind2=" " tag="362"><subfield code="a">Vol. 1, no. 1 (Aug. 27, 1904)-v. 2, no. 6 (Nov. 26, 1904).</subfield></datafield><datafield ind1=" " ind2="0" tag="651"><subfield code="a">Ault (Colo.)</subfield><subfield code="v">Periodicals.</subfield></datafield><datafield ind1=" " ind2="0" tag="651"><subfield code="a">Ault (Colo.)</subfield><subfield code="x">History</subfield><subfield code="v">Sources.</subfield></datafield><datafield ind1=" " ind2=" " tag="752"><subfield code="a">United States</subfield><subfield code="b">Colorado</subfield><subfield code="c">Weld</subfield><subfield code="d">Ault.</subfield></datafield><datafield ind1="0" ind2="7" tag="785"><subfield code="t">Ault record</subfield></datafield><datafield ind1="0" ind2="7" tag="785"><subfield code="t">Ault advertiser and the Ault record</subfield><subfield code="w">(DLC)sn 91052684</subfield></datafield></record>